<?xml version="1.0" encoding="UTF-8"?><record xmlns="http://www.loc.gov/MARC21/slim" xmlns:cinclude="http://apache.org/cocoon/include/1.0" xmlns:zs="http://www.loc.gov/zing/srw/">
  <leader>00863cz  a2200217n  4500</leader>
  <controlfield tag="001">n  42002245 </controlfield>
  <controlfield tag="003">DLC</controlfield>
  <controlfield tag="005">20081213074806.0</controlfield>
  <controlfield tag="008">830112n| acaaaaaan          |a ana      </controlfield>
  <datafield tag="010" ind1=" " ind2=" ">
    <subfield code="a">n  42002245 </subfield>
  </datafield>
  <datafield tag="035" ind1=" " ind2=" ">
    <subfield code="a">(OCoLC)oca00002105</subfield>
  </datafield>
  <datafield tag="040" ind1=" " ind2=" ">
    <subfield code="a">DLC</subfield>
    <subfield code="b">eng</subfield>
    <subfield code="c">DLC</subfield>
    <subfield code="d">OCoLC</subfield>
  </datafield>
  <datafield tag="130" ind1=" " ind2="0">
    <subfield code="a">Schriftenreihe des Deutsch-Französischen Instituts Ludwigsburg</subfield>
  </datafield>
  <datafield tag="410" ind1="1" ind2=" ">
    <subfield code="w">nnaa</subfield>
    <subfield code="a">Ludwigsburg, Ger.</subfield>
    <subfield code="b">Deutsch-Französisches Institut.</subfield>
    <subfield code="t">Schriftenreihe des Deutsch-Französischen Instituts Ludwigsburg</subfield>
  </datafield>
  <datafield tag="410" ind1="2" ind2=" ">
    <subfield code="a">Deutsch-Französisches Institut (Ludwigsburg, Germany)</subfield>
    <subfield code="t">Schriftenreihe des Deutsch-Französischen Instituts Ludwigsburg</subfield>
  </datafield>
  <datafield tag="642" ind1=" " ind2=" ">
    <subfield code="a">8</subfield>
    <subfield code="5">DLC</subfield>
  </datafield>
  <datafield tag="643" ind1=" " ind2=" ">
    <subfield code="a">Ludwigsburg</subfield>
    <subfield code="b">Deutsch-Französ. Inst.</subfield>
  </datafield>
  <datafield tag="644" ind1=" " ind2=" ">
    <subfield code="a">f</subfield>
    <subfield code="5">DLC</subfield>
  </datafield>
  <datafield tag="645" ind1=" " ind2=" ">
    <subfield code="a">t</subfield>
    <subfield code="5">DLC</subfield>
  </datafield>
  <datafield tag="646" ind1=" " ind2=" ">
    <subfield code="a">s</subfield>
    <subfield code="5">DLC</subfield>
  </datafield>
  <datafield tag="670" ind1=" " ind2=" ">
    <subfield code="a">Deutsch-Französ. Kolloq. (Ludwigsburg, Germany) (6th : 1978). Eliten für Europa? 1980.</subfield>
  </datafield>
</record>